@inproceedings{BUHAKISTTA20,
  author =	{Bumpus, Georgina and Haase, Christoph and Kiefer, Stefan and Stoienescu, Paul-Ioan and Tanner, Jonathan},
  title =	{{On the Size of Finite Rational Matrix Semigroups}},
  booktitle =	{47th International Colloquium on Automata, Languages, and Programming (ICALP 2020)},
  pages =	{115:1--115:13},
  series =	{Leibniz International Proceedings in Informatics (LIPIcs)},
  ISBN =	{978-3-95977-138-2},
  ISSN =	{1868-8969},
  year =	{2020},
  volume =	{168},
  editor =	{Czumaj, Artur and Dawar, Anuj and Merelli, Emanuela},
  publisher =	{Schloss Dagstuhl -- Leibniz-Zentrum f{\"u}r Informatik},
  address =	{Dagstuhl, Germany},
  URL =		{https://drops.dagstuhl.de/entities/document/10.4230/LIPIcs.ICALP.2020.115},
  URN =		{urn:nbn:de:0030-drops-125226},
  doi =		{10.4230/LIPIcs.ICALP.2020.115},
  annote =	{Keywords: Matrix semigroups, Burnside problem, weighted automata, vector addition systems},
  language = {en},
  eprint = {1909.04756v2},
}

@book{BERE10,
  author    = {Berstel, Jean and Reutenauer, Christophe},
  doi       = {10.1017/CBO9780511760860},
  isbn      = {0521190223,9780521190220,9780511760860},
  publisher = {Cambridge University Press},
  series    = {Encyclopedia of Mathematics and its Applications},
  sha256    = {0A4B61814201B20ABA0D4B37251CAF334AB1B95B67D6BB06FFC8B23582290B12},
  title     = {Noncommutative rational series with applications},
  volume    = {137},
  year      = {2010},
}



@inproceedings{KRRC13,
  author    = {Kreutzer, Stephan and Riveros, Cristian},
  booktitle = {2013 28th Annual ACM/IEEE Symposium on Logic in Computer Science},
  doi       = {10.1109/LICS.2013.16},
  pages     = {113-122},
  sha256    = {37568664428FFFA4A3480AEF379A0046FB1A05AC217468E8A00E50EB348F47BC},
  title     = {Quantitative Monadic Second-Order Logic},
  year      = {2013},
}

@inproceedings{CDTL23,
  address       = {Los Alamitos, CA, USA},
  author        = {Colcombet, Thomas and Douéneau-Tabot, Gaëtan and Lopez, Aliaume},
  booktitle     = {2023 38th Annual ACM/IEEE Symposium on Logic in Computer Science (LICS)},
  doi           = {10.1109/LICS56636.2023.10175685},
  eprint        = {2207.07450v4},
  month         = {jun},
  pages         = {1-13},
  publisher     = {IEEE Computer Society},
  sha256        = {060922DD2F6FC229FFD967336B3A2F6CEC7E648558324552A1A831EE4C4E58CB},
  title         = {{Z}-polyregular functions},
  url           = {https://doi.ieeecomputersociety.org/10.1109/LICS56636.2023.10175685},
  year          = {2023},
}



@InProceedings{LOPEZ25,
  author =	{Lopez, Aliaume},
  title =	{{Commutative $\mathbb{N}$-Rational Series of Polynomial Growth}},
  booktitle =	{42nd International Symposium on Theoretical Aspects of Computer Science (STACS 2025)},
  pages =	{67:1--67:16},
  series =	{Leibniz International Proceedings in Informatics (LIPIcs)},
  ISBN =	{978-3-95977-365-2},
  ISSN =	{1868-8969},
  year =	{2025},
  volume =	{327},
  editor =	{Beyersdorff, Olaf and Pilipczuk, Micha{\l} and Pimentel, Elaine and Thắng, Nguy\~{ê}n Kim},
  publisher =	{Schloss Dagstuhl -- Leibniz-Zentrum f{\"u}r Informatik},
  address =	{Dagstuhl, Germany},
  URL =		{https://drops.dagstuhl.de/entities/document/10.4230/LIPIcs.STACS.2025.67},
  URN =		{urn:nbn:de:0030-drops-228924},
  doi =		{10.4230/LIPIcs.STACS.2025.67},
  annote =	{Keywords: Rational series, weighted automata, polyregular function, commutative}
}

